@incollection{albert2005diversity,
  title={Diversity and phylogeny of Neotropical electric fishes (Gymnotiformes)},
  author={Albert, James S and Crampton, William GR},
  booktitle={Electroreception},
  pages={360--409},
  year={2005},
  publisher={Springer}
}

@article{bell1997generation,
  title={The generation and subtraction of sensory expectations within cerebellum-like structures},
  author={Bell, C and Bodznick, D and Montgomery, J and Bastian, J},
  journal={Brain, Behavior and Evolution},
  volume={50},
  number={Suppl. 1},
  pages={17--31},
  year={1997},
  publisher={Karger Publishers},
  doi = {10.1159/00011352}
}

@incollection{kramer2009encyclopedia,
  title={Gymnotiforms},
  author={Kramer, B},
  booktitle={Encyclopedia of Neuroscience},
  volume = 2,
  pages={1051},
  year={2009},
  publisher={Springer}
}

@article{assad1997electric,
  title={Electric Field Maps and Boundary Element Simulations of Electrolocation in Weakly Electric Fish.},
  author={Assad, Christopher},
  year={1997},
  institute = {California Institute of Technology}
}

@article{toerring1979motor,
  title={Motor programmes and electroreception in mormyrid fish},
  author={Toerring, MJ and Belbenoit, P},
  journal={Behavioral Ecology and Sociobiology},
  pages={369--379},
  year={1979},
  publisher={JSTOR}
}

@article{fugere2010electric,
  title={Electric signals and species recognition in the wave-type gymnotiform fish Apteronotus leptorhynchus},
  author={Fug{\`e}re, V and Krahe, R},
  journal={Journal of Experimental Biology},
  volume={213},
  number={2},
  pages={225--236},
  year={2010},
  publisher={The Company of Biologists Ltd},
  doi = {10.1242/jeb.034751}
}

@article{bastian2001arginine,
  title={Arginine vasotocin modulates a sexually dimorphic communication behavior in the weakly electric fish Apteronotus leptorhynchus},
  author={Bastian, Joseph and Schniederjan, Stephanie and Nguyenkim, Jerry},
  journal={Journal of Experimental Biology},
  volume={204},
  number={11},
  pages={1909--1923},
  year={2001},
  publisher={The Company of Biologists Ltd}
}

@article{hupe2008electrocommunication,
  title={Electrocommunication signals in free swimming brown ghost knifefish, Apteronotus leptorhynchus},
  author={Hup{\'e}, Ginette J and Lewis, John E},
  journal={Journal of Experimental Biology},
  volume={211},
  number={10},
  pages={1657--1667},
  year={2008},
  publisher={The Company of Biologists Ltd},
  doi = {10.1242/jeb.013516}
}

@article{eigenmann1905sternarchorhamphus,
  title={Sternarchorhamphus gen. nov},
  author={Eigenmann, CH},
  journal={The Gymnotidae. Proc Wash Acad Sci},
  volume={7},
  pages={157--186},
  year={1905}
}

@book{bullock2006electroreception,
  title={Electroreception},
  author={Bullock, Theodore Holmes and Hopkins, Carl D and Fay, Richard R},
  volume={21},
  year={2006},
  publisher={Springer Science \& Business Media},
  ISBN = {978-0387-23192-1}
}

@book{bar2010elementare,
  title={Elementary differential geometry},
  author={B{\"a}r, Christian},
  year={2010},
  publisher={Walter de Gruyter}
}

@book{harder1976anatomy,
  title={Anatomy of fishes},
  author={Harder, Wilhelm},
  editor = {Sokoloff, Stephen},
  year={1976},
  publisher={Schweizerbart Science Publishers},
  address = {Stuttgart, Germany},
  ISBN = {978-3510-65067-5}
}

@article{ding2001canny,
  title={On the Canny edge detector},
  author={Ding, Lijun and Goshtasby, Ardeshir},
  journal={Pattern Recognition},
  volume={34},
  number={3},
  pages={721--725},
  year={2001},
  publisher={Elsevier}
}

@unpublished{scriptLuxi,
author = {Ulrike von Luxburg},
title = {Statistical Machine Learning},
year = {2019},
note = {unpublished lecture script}
}

@article{scikit-image,
 title = {scikit-image: image processing in {P}ython},
 author = {van der Walt, St\'efan and Sch\"onberger, Johannes L. and
           Nunez-Iglesias, Juan and Boulogne, Fran\c{c}ois and Warner,
           Joshua D. and Yager, Neil and Gouillart, Emmanuelle and
           Yu, Tony and the scikit-image contributors},
 year = {2014},
 month = {6},
 keywords = {Image processing, Reproducible research, Education,
             Visualization, Open source, Python, Scientific programming},
 volume = {2},
 pages = {e453},
 journal = {PeerJ},
 issn = {2167-8359},
 doi = {10.7717/peerj.453}
}

@article{2020SciPy-NMeth,
       author = {{Virtanen}, Pauli and {Gommers}, Ralf and {Oliphant},
         Travis E. and {Haberland}, Matt and {Reddy}, Tyler and
         {Cournapeau}, David and {Burovski}, Evgeni and {Peterson}, Pearu
         and {Weckesser}, Warren and {Bright}, Jonathan and {van der Walt},
         St{\'e}fan J.  and {Brett}, Matthew and {Wilson}, Joshua and
         {Jarrod Millman}, K.  and {Mayorov}, Nikolay and {Nelson}, Andrew
         R.~J. and {Jones}, Eric and {Kern}, Robert and {Larson}, Eric and
         {Carey}, CJ and {Polat}, {\.I}lhan and {Feng}, Yu and {Moore},
         Eric W. and {Vand erPlas}, Jake and {Laxalde}, Denis and
         {Perktold}, Josef and {Cimrman}, Robert and {Henriksen}, Ian and
         {Quintero}, E.~A. and {Harris}, Charles R and {Archibald}, Anne M.
         and {Ribeiro}, Ant{\^o}nio H. and {Pedregosa}, Fabian and
         {van Mulbregt}, Paul and {Contributors}, SciPy 1. 0},
        title = "{SciPy 1.0: Fundamental Algorithms for Scientific
                  Computing in Python}",
      journal = {Nature Methods},
         year = "2020",
       adsurl = {https://rdcu.be/b08Wh},
       doi = {10.1038/s41592-019-0686-2},
}

@article{opencv_library,
    author = {Bradski, G.},
    citeulike-article-id = {2236121},
    journal = {Dr. Dobb's Journal of Software Tools},
    keywords = {bibtex-import},
    posted-at = {2008-01-15 19:21:54},
    priority = {4},
    title = {{The OpenCV Library}},
    year = {2000}
}

@article{nelder1965simplex,
  title={A simplex method for function minimization},
  author={Nelder, John A and Mead, Roger},
  journal={The computer journal},
  volume={7},
  number={4},
  pages={308--313},
  year={1965},
  publisher={Oxford University Press}
}

@article{sympy2017,
 title = {SymPy: symbolic computing in Python},
 author = {Meurer, Aaron and Smith, Christopher P. and Paprocki, Mateusz and \v{C}ert\'{i}k, Ond\v{r}ej and Kirpichev, Sergey B. and Rocklin, Matthew and Kumar, AMiT and Ivanov, Sergiu and Moore, Jason K. and Singh, Sartaj and Rathnayake, Thilina and Vig, Sean and Granger, Brian E. and Muller, Richard P. and Bonazzi, Francesco and Gupta, Harsh and Vats, Shivam and Johansson, Fredrik and Pedregosa, Fabian and Curry, Matthew J. and Terrel, Andy R. and Rou\v{c}ka, \v{S}t\v{e}p\'{a}n and Saboo, Ashutosh and Fernando, Isuru and Kulal, Sumith and Cimrman, Robert and Scopatz, Anthony},
 year = 2017,
 month = jan,
 keywords = {Python, Computer algebra system, Symbolics},
 volume = 3,
 pages = {e103},
 journal = {PeerJ Computer Science},
 issn = {2376-5992},
 doi = {10.7717/peerj-cs.103}
}

@article{babineau2006modeling,
  title={Modeling the electric field of weakly electric fish},
  author={Babineau, David and Longtin, Andr{\'e} and Lewis, John E},
  journal={Journal of experimental biology},
  volume={209},
  number={18},
  pages={3636--3651},
  year={2006},
  publisher={The Company of Biologists Ltd},
  doi = {10.1242/jeb.02403}
}

@article{bacher1983new,
  title={A new method for the simulation of electric fields, generated by electric fish, and their distorsions by objects},
  author={Bacher, M},
  journal={Biological cybernetics},
  volume={47},
  number={1},
  pages={51--58},
  year={1983},
  publisher={Springer}
}

@article{chen2005modeling,
  title={Modeling signal and background components of electrosensory scenes},
  author={Chen, Ling and House, Jonathan L and Krahe, R{\"u}diger and Nelson, Mark E},
  journal={Journal of Comparative Physiology A},
  volume={191},
  number={4},
  pages={331--345},
  year={2005},
  publisher={Springer},
  doi = {10.1007/s00359-004-0587-3}
}

@article{fujita2010modeling,
  title={Modeling the electric image produced by objects with complex impedance in weakly electric fish},
  author={Fujita, Kazuhisa and Kashimori, Yoshiki},
  journal={Biological cybernetics},
  volume={103},
  number={2},
  pages={105--118},
  year={2010},
  publisher={Springer},
  doi = {10.1007/s00422-010-0381-y}
}

@book{farin2008mathematical,
  title={Mathematical principles for scientific computing and visualization},
  author={Farin, Gerald and Hansford, Dianne},
  year={2008},
  publisher={A K Peters, Ltd.},
  ISBN = {978-1-56881-321-9},
  address = {Wellesley, Massachusetts}
}

@article{bennett1971electric,
title = {Electric organs},
author = {Bennett, M. V. L.},
year = {1971},
journal = {Fish Physiology},
volume = {5},
pages = {347--491},
editors = {Hoar, W. J. and Randall, D. J.},
publisher = {Academic Press, New York}
}

@article{ahn2002orthogonal,
  title={Orthogonal distance fitting of implicit curves and surfaces},
  author={Ahn, Sung Joon and Rauh, Wolfgang and Cho, Hyung Suck and Warnecke, H-J},
  journal={IEEE Transactions on Pattern Analysis and Machine Intelligence},
  volume={24},
  number={5},
  pages={620--638},
  year={2002},
  publisher={IEEE},
  doi = {10.1109/34.1000237}
}

@incollection{binder2009encyclopedia,
  author      = {Kramer, Bernd},
  title       = {Electric Communication and Electrolocation},
  editor      = {Binder, Marc D. and Hirokawa, Nobutaka and Windhorst, Uwe},
  booktitle   = {Encyclopedia of Neuroscience},
  publisher   = {Springer},
  address     = {Berlin, Germany},
  year        = {2009},
  pages       = {1038--1045},
  volume = 2,
  chapter     = {Electric Communication and Electrolocation}
}

@book{van1995python, 
  title={Python tutorial}, 
  author={Van Rossum, Guido and Drake Jr, Fred L}, 
  year={1995}, 
  publisher={Centrum voor Wiskunde en Informatica Amsterdam, The Netherlands} 
}

@article{raab2019dominance,
  title={Dominance in habitat preference and diurnal explorative behavior of the weakly electric fish Apteronotus leptorhynchus},
  author={Raab, Till and Linhart, Laura and Wurm, Anna and Benda, Jan},
  journal={Frontiers in integrative neuroscience},
  volume={13},
  pages={21},
  year={2019},
  publisher={Frontiers},
  doi = {10.3389/fnint.2019.00021}
}

@article{canny1986computational,
  title={A computational approach to edge detection},
  author={Canny, John},
  journal={IEEE Transactions on pattern analysis and machine intelligence},
  number={6},
  pages={679--698},
  year={1986},
  publisher={Ieee}
}